@online{Recos,
    author = {ETSIINF},
    title = {Recomendaciones sobre el contenido de la Memoria Final},
    year = {2018},
    url = {http://www.fi.upm.es/?pagina=1475},
    urldate = {2018-01-01}
}
